<record><leader>00000cas a22000007a 4500</leader><controlfield tag="001">19105218</controlfield><controlfield tag="008">890206d188u1890nyuwr ne      0    0eng d</controlfield><datafield ind1=" " ind2=" " tag="010"><subfield code="a">sn 89071104 </subfield></datafield><datafield ind1=" " ind2=" " tag="040"><subfield code="a">NYG</subfield><subfield code="b">eng</subfield><subfield code="c">NYG</subfield><subfield code="d">NYS</subfield><subfield code="d">NSD</subfield><subfield code="d">NYS</subfield><subfield code="d">OCLCQ</subfield></datafield><datafield ind1=" " ind2=" " tag="042"><subfield code="a">msc</subfield></datafield><datafield ind1="0" ind2=" " tag="130"><subfield code="a">Observer (Marcellus, N.Y.)</subfield></datafield><datafield ind1="1" ind2="4" tag="245"><subfield code="a">The observer.</subfield></datafield><datafield ind1="1" ind2="3" tag="246"><subfield code="a">Marcellus observer</subfield></datafield><datafield ind1="1" ind2="7" tag="246"><subfield code="a">Marcellus weekly observer</subfield></datafield><datafield ind1=" " ind2=" " tag="260"><subfield code="a">Marcellus, N.Y. :</subfield><subfield code="b">A. de L. Rogers</subfield></datafield><datafield ind1=" " ind2=" " tag="300"><subfield code="a">v.</subfield></datafield><datafield ind1=" " ind2=" " tag="310"><subfield code="a">Weekly</subfield></datafield><datafield ind1="0" ind2=" " tag="362"><subfield code="a">-v. 11, no. 52 (Apr. 10, 1890).</subfield></datafield><datafield ind1=" " ind2=" " tag="500"><subfield code="a">Publishers: A. de L. Rogers, &lt;1885&gt;-1888; C.A. Roe, 1888-1890.</subfield></datafield><datafield ind1=" " ind2=" " tag="588"><subfield code="a">Description based on: Vol. 7, no. 15 (July 16, 1885).</subfield></datafield><datafield ind1=" " ind2="4" tag="651"><subfield code="a">Marcellus (N.Y.)</subfield><subfield code="v">Newspapers.</subfield></datafield><datafield ind1=" " ind2=" " tag="752"><subfield code="a">United States</subfield><subfield code="b">New York</subfield><subfield code="c">Onondaga</subfield><subfield code="d">Marcellus.</subfield></datafield><datafield ind1="0" ind2="0" tag="780"><subfield code="t">Marcellus weekly observer</subfield><subfield code="w">(DLC)sn 84031579</subfield></datafield><datafield ind1="0" ind2="0" tag="785"><subfield code="t">Marcellus observer</subfield><subfield code="x">1066-1352</subfield><subfield code="w">(DLC)sn 89071105</subfield><subfield code="w">(OCoLC)19105250</subfield></datafield><datafield ind1="1" ind2=" " tag="029"><subfield code="a">AU@</subfield><subfield code="b">000020544673</subfield></datafield></record>